<?xml version="1.0" encoding="UTF-8"?><record xmlns="http://www.loc.gov/MARC21/slim" xmlns:cinclude="http://apache.org/cocoon/include/1.0" xmlns:zs="http://www.loc.gov/zing/srw/">
  <leader>00666cz  a2200169n  4500</leader>
  <controlfield tag="001">no2013060121</controlfield>
  <controlfield tag="003">DLC</controlfield>
  <controlfield tag="005">20130622073948.0</controlfield>
  <controlfield tag="008">130603n| azannaabn          |n aaa     c</controlfield>
  <datafield tag="010" ind1=" " ind2=" ">
    <subfield code="a">no2013060121</subfield>
  </datafield>
  <datafield tag="035" ind1=" " ind2=" ">
    <subfield code="a">(OCoLC)oca09487120</subfield>
  </datafield>
  <datafield tag="040" ind1=" " ind2=" ">
    <subfield code="a">InU</subfield>
    <subfield code="b">eng</subfield>
    <subfield code="e">rda</subfield>
    <subfield code="c">InU</subfield>
    <subfield code="d">Uk</subfield>
    <subfield code="d">IEN</subfield>
  </datafield>
  <datafield tag="046" ind1=" " ind2=" ">
    <subfield code="f">18420128</subfield>
    <subfield code="g">19340125</subfield>
  </datafield>
  <datafield tag="100" ind1="1" ind2=" ">
    <subfield code="a">Hennel, Joseph,</subfield>
    <subfield code="d">1842-1934</subfield>
  </datafield>
  <datafield tag="370" ind1=" " ind2=" ">
    <subfield code="a">Cincinnati, Ohio</subfield>
  </datafield>
  <datafield tag="670" ind1=" " ind2=" ">
    <subfield code="a">Cecilia Hennel Hendricks family papers, 1843-1971, bulk 1896-1970</subfield>
    <subfield code="b">(Joseph Hennel; died 1934)</subfield>
  </datafield>
  <datafield tag="670" ind1=" " ind2=" ">
    <subfield code="a">Find a Grave, June 3, 2013</subfield>
    <subfield code="b">(Joseph Hennel; born January 28, 1842, Cincinnati, Ohio; died January 25, 1934)</subfield>
    <subfield code="u">http://www.findagrave.com/cgi-bin/fg.cgi?page=gr&amp;GRid=25606874</subfield>
  </datafield>
</record>